%YAML 1.1
%TAG !u! tag:unity3d.com,2011:
--- !u!1 &3749105883333409268
GameObject:
  m_ObjectHideFlags: 0
  m_CorrespondingSourceObject: {fileID: 0}
  m_PrefabInstance: {fileID: 0}
  m_PrefabAsset: {fileID: 0}
  serializedVersion: 6
  m_Component:
  - component: {fileID: 3749105883333633492}
  m_Layer: 15
  m_Name: rooms
  m_TagString: Untagged
  m_Icon: {fileID: 0}
  m_NavMeshLayer: 0
  m_StaticEditorFlags: 0
  m_IsActive: 1
--- !u!4 &3749105883333633492
Transform:
  m_ObjectHideFlags: 0
  m_CorrespondingSourceObject: {fileID: 0}
  m_PrefabInstance: {fileID: 0}
  m_PrefabAsset: {fileID: 0}
  m_GameObject: {fileID: 3749105883333409268}
  m_LocalRotation: {x: 0, y: 0, z: 0, w: 1}
  m_LocalPosition: {x: 38.535, y: -5.3263, z: 0}
  m_LocalScale: {x: 3.2253, y: 3.2253, z: 3.2253}
  m_Children:
  - {fileID: 3749105883333633494}
  - {fileID: 4434240396695945133}
  - {fileID: 4254712275650795507}
  - {fileID: 4254712276737231643}
  m_Father: {fileID: 0}
  m_RootOrder: 0
  m_LocalEulerAnglesHint: {x: 0, y: 0, z: 0}
--- !u!1 &3749105883333409270
GameObject:
  m_ObjectHideFlags: 0
  m_CorrespondingSourceObject: {fileID: 0}
  m_PrefabInstance: {fileID: 0}
  m_PrefabAsset: {fileID: 0}
  serializedVersion: 6
  m_Component:
  - component: {fileID: 3749105883333633494}
  - component: {fileID: 3749105883312341970}
  m_Layer: 15
  m_Name: Layer 6
  m_TagString: Untagged
  m_Icon: {fileID: 0}
  m_NavMeshLayer: 0
  m_StaticEditorFlags: 0
  m_IsActive: 1
--- !u!4 &3749105883333633494
Transform:
  m_ObjectHideFlags: 0
  m_CorrespondingSourceObject: {fileID: 0}
  m_PrefabInstance: {fileID: 0}
  m_PrefabAsset: {fileID: 0}
  m_GameObject: {fileID: 3749105883333409270}
  m_LocalRotation: {x: -0, y: -0, z: -0, w: 1}
  m_LocalPosition: {x: -12.14, y: 1.67, z: 0}
  m_LocalScale: {x: 1.3183, y: 1.3183, z: 1.3183}
  m_Children: []
  m_Father: {fileID: 3749105883333633492}
  m_RootOrder: 0
  m_LocalEulerAnglesHint: {x: 0, y: 0, z: 0}
--- !u!212 &3749105883312341970
SpriteRenderer:
  m_ObjectHideFlags: 0
  m_CorrespondingSourceObject: {fileID: 0}
  m_PrefabInstance: {fileID: 0}
  m_PrefabAsset: {fileID: 0}
  m_GameObject: {fileID: 3749105883333409270}
  m_Enabled: 1
  m_CastShadows: 0
  m_ReceiveShadows: 0
  m_DynamicOccludee: 1
  m_MotionVectors: 1
  m_LightProbeUsage: 1
  m_ReflectionProbeUsage: 1
  m_RenderingLayerMask: 1
  m_RendererPriority: 0
  m_Materials:
  - {fileID: 10754, guid: 0000000000000000f000000000000000, type: 0}
  m_StaticBatchInfo:
    firstSubMesh: 0
    subMeshCount: 0
  m_StaticBatchRoot: {fileID: 0}
  m_ProbeAnchor: {fileID: 0}
  m_LightProbeVolumeOverride: {fileID: 0}
  m_ScaleInLightmap: 1
  m_PreserveUVs: 0
  m_IgnoreNormalsForChartDetection: 0
  m_ImportantGI: 0
  m_StitchLightmapSeams: 0
  m_SelectedEditorRenderState: 0
  m_MinimumChartSize: 4
  m_AutoUVMaxDistance: 0.5
  m_AutoUVMaxAngle: 89
  m_LightmapParameters: {fileID: 0}
  m_SortingLayerID: 0
  m_SortingLayer: 0
  m_SortingOrder: 2
  m_Sprite: {fileID: 21300002, guid: e133ba3911fc7d6478fb5a39996b9d05, type: 3}
  m_Color: {r: 1, g: 1, b: 1, a: 1}
  m_FlipX: 0
  m_FlipY: 0
  m_DrawMode: 0
  m_Size: {x: 5, y: 3.85}
  m_AdaptiveModeThreshold: 0.5
  m_SpriteTileMode: 0
  m_WasSpriteAssigned: 1
  m_MaskInteraction: 0
  m_SpriteSortPoint: 0
--- !u!1001 &4254712275594598141
PrefabInstance:
  m_ObjectHideFlags: 0
  serializedVersion: 2
  m_Modification:
    m_TransformParent: {fileID: 3749105883333633492}
    m_Modifications:
    - target: {fileID: 469025684949363025, guid: f157756e7d5cd8047bd9031cd926a900,
        type: 3}
      propertyPath: m_Name
      value: Room1
      objectReference: {fileID: 0}
    - target: {fileID: 469025684949363025, guid: f157756e7d5cd8047bd9031cd926a900,
        type: 3}
      propertyPath: m_Layer
      value: 15
      objectReference: {fileID: 0}
    - target: {fileID: 469025684949363024, guid: f157756e7d5cd8047bd9031cd926a900,
        type: 3}
      propertyPath: m_LocalPosition.x
      value: -14.507999
      objectReference: {fileID: 0}
    - target: {fileID: 469025684949363024, guid: f157756e7d5cd8047bd9031cd926a900,
        type: 3}
      propertyPath: m_LocalPosition.y
      value: 1.5360001
      objectReference: {fileID: 0}
    - target: {fileID: 469025684949363024, guid: f157756e7d5cd8047bd9031cd926a900,
        type: 3}
      propertyPath: m_LocalPosition.z
      value: 0
      objectReference: {fileID: 0}
    - target: {fileID: 469025684949363024, guid: f157756e7d5cd8047bd9031cd926a900,
        type: 3}
      propertyPath: m_LocalRotation.x
      value: -0
      objectReference: {fileID: 0}
    - target: {fileID: 469025684949363024, guid: f157756e7d5cd8047bd9031cd926a900,
        type: 3}
      propertyPath: m_LocalRotation.y
      value: -0
      objectReference: {fileID: 0}
    - target: {fileID: 469025684949363024, guid: f157756e7d5cd8047bd9031cd926a900,
        type: 3}
      propertyPath: m_LocalRotation.z
      value: -0
      objectReference: {fileID: 0}
    - target: {fileID: 469025684949363024, guid: f157756e7d5cd8047bd9031cd926a900,
        type: 3}
      propertyPath: m_LocalRotation.w
      value: 1
      objectReference: {fileID: 0}
    - target: {fileID: 469025684949363024, guid: f157756e7d5cd8047bd9031cd926a900,
        type: 3}
      propertyPath: m_RootOrder
      value: 1
      objectReference: {fileID: 0}
    - target: {fileID: 469025684949363024, guid: f157756e7d5cd8047bd9031cd926a900,
        type: 3}
      propertyPath: m_LocalEulerAnglesHint.x
      value: 0
      objectReference: {fileID: 0}
    - target: {fileID: 469025684949363024, guid: f157756e7d5cd8047bd9031cd926a900,
        type: 3}
      propertyPath: m_LocalEulerAnglesHint.y
      value: 0
      objectReference: {fileID: 0}
    - target: {fileID: 469025684949363024, guid: f157756e7d5cd8047bd9031cd926a900,
        type: 3}
      propertyPath: m_LocalEulerAnglesHint.z
      value: 0
      objectReference: {fileID: 0}
    - target: {fileID: 469025684949363024, guid: f157756e7d5cd8047bd9031cd926a900,
        type: 3}
      propertyPath: m_LocalScale.x
      value: 0.15761447
      objectReference: {fileID: 0}
    - target: {fileID: 469025684949363024, guid: f157756e7d5cd8047bd9031cd926a900,
        type: 3}
      propertyPath: m_LocalScale.y
      value: 0.15761447
      objectReference: {fileID: 0}
    - target: {fileID: 469025684949363024, guid: f157756e7d5cd8047bd9031cd926a900,
        type: 3}
      propertyPath: m_LocalScale.z
      value: 0.15761447
      objectReference: {fileID: 0}
    - target: {fileID: 469025684949363026, guid: f157756e7d5cd8047bd9031cd926a900,
        type: 3}
      propertyPath: subject
      value: test1
      objectReference: {fileID: 0}
    - target: {fileID: 469025684949363026, guid: f157756e7d5cd8047bd9031cd926a900,
        type: 3}
      propertyPath: level
      value: 1
      objectReference: {fileID: 0}
    - target: {fileID: 469025684949363026, guid: f157756e7d5cd8047bd9031cd926a900,
        type: 3}
      propertyPath: roomName
      value: One
      objectReference: {fileID: 0}
    m_RemovedComponents: []
  m_SourcePrefab: {fileID: 100100000, guid: f157756e7d5cd8047bd9031cd926a900, type: 3}
--- !u!4 &4434240396695945133 stripped
Transform:
  m_CorrespondingSourceObject: {fileID: 469025684949363024, guid: f157756e7d5cd8047bd9031cd926a900,
    type: 3}
  m_PrefabInstance: {fileID: 4254712275594598141}
  m_PrefabAsset: {fileID: 0}
--- !u!1001 &4434240396705939107
PrefabInstance:
  m_ObjectHideFlags: 0
  serializedVersion: 2
  m_Modification:
    m_TransformParent: {fileID: 3749105883333633492}
    m_Modifications:
    - target: {fileID: 469025684949363025, guid: f157756e7d5cd8047bd9031cd926a900,
        type: 3}
      propertyPath: m_Name
      value: Room2
      objectReference: {fileID: 0}
    - target: {fileID: 469025684949363025, guid: f157756e7d5cd8047bd9031cd926a900,
        type: 3}
      propertyPath: m_Layer
      value: 15
      objectReference: {fileID: 0}
    - target: {fileID: 469025684949363024, guid: f157756e7d5cd8047bd9031cd926a900,
        type: 3}
      propertyPath: m_LocalPosition.x
      value: -11.101
      objectReference: {fileID: 0}
    - target: {fileID: 469025684949363024, guid: f157756e7d5cd8047bd9031cd926a900,
        type: 3}
      propertyPath: m_LocalPosition.y
      value: 3.258
      objectReference: {fileID: 0}
    - target: {fileID: 469025684949363024, guid: f157756e7d5cd8047bd9031cd926a900,
        type: 3}
      propertyPath: m_LocalPosition.z
      value: 0
      objectReference: {fileID: 0}
    - target: {fileID: 469025684949363024, guid: f157756e7d5cd8047bd9031cd926a900,
        type: 3}
      propertyPath: m_LocalRotation.x
      value: -0
      objectReference: {fileID: 0}
    - target: {fileID: 469025684949363024, guid: f157756e7d5cd8047bd9031cd926a900,
        type: 3}
      propertyPath: m_LocalRotation.y
      value: -0
      objectReference: {fileID: 0}
    - target: {fileID: 469025684949363024, guid: f157756e7d5cd8047bd9031cd926a900,
        type: 3}
      propertyPath: m_LocalRotation.z
      value: -0
      objectReference: {fileID: 0}
    - target: {fileID: 469025684949363024, guid: f157756e7d5cd8047bd9031cd926a900,
        type: 3}
      propertyPath: m_LocalRotation.w
      value: 1
      objectReference: {fileID: 0}
    - target: {fileID: 469025684949363024, guid: f157756e7d5cd8047bd9031cd926a900,
        type: 3}
      propertyPath: m_RootOrder
      value: 2
      objectReference: {fileID: 0}
    - target: {fileID: 469025684949363024, guid: f157756e7d5cd8047bd9031cd926a900,
        type: 3}
      propertyPath: m_LocalEulerAnglesHint.x
      value: 0
      objectReference: {fileID: 0}
    - target: {fileID: 469025684949363024, guid: f157756e7d5cd8047bd9031cd926a900,
        type: 3}
      propertyPath: m_LocalEulerAnglesHint.y
      value: 0
      objectReference: {fileID: 0}
    - target: {fileID: 469025684949363024, guid: f157756e7d5cd8047bd9031cd926a900,
        type: 3}
      propertyPath: m_LocalEulerAnglesHint.z
      value: 0
      objectReference: {fileID: 0}
    - target: {fileID: 469025684949363024, guid: f157756e7d5cd8047bd9031cd926a900,
        type: 3}
      propertyPath: m_LocalScale.x
      value: 0.11258177
      objectReference: {fileID: 0}
    - target: {fileID: 469025684949363024, guid: f157756e7d5cd8047bd9031cd926a900,
        type: 3}
      propertyPath: m_LocalScale.y
      value: 0.11258177
      objectReference: {fileID: 0}
    - target: {fileID: 469025684949363024, guid: f157756e7d5cd8047bd9031cd926a900,
        type: 3}
      propertyPath: m_LocalScale.z
      value: 0.11258177
      objectReference: {fileID: 0}
    - target: {fileID: 469025684949363026, guid: f157756e7d5cd8047bd9031cd926a900,
        type: 3}
      propertyPath: subject
      value: test2
      objectReference: {fileID: 0}
    - target: {fileID: 469025684949363026, guid: f157756e7d5cd8047bd9031cd926a900,
        type: 3}
      propertyPath: level
      value: 1
      objectReference: {fileID: 0}
    - target: {fileID: 469025684949363026, guid: f157756e7d5cd8047bd9031cd926a900,
        type: 3}
      propertyPath: roomName
      value: Two
      objectReference: {fileID: 0}
    m_RemovedComponents: []
  m_SourcePrefab: {fileID: 100100000, guid: f157756e7d5cd8047bd9031cd926a900, type: 3}
--- !u!4 &4254712275650795507 stripped
Transform:
  m_CorrespondingSourceObject: {fileID: 469025684949363024, guid: f157756e7d5cd8047bd9031cd926a900,
    type: 3}
  m_PrefabInstance: {fileID: 4434240396705939107}
  m_PrefabAsset: {fileID: 0}
--- !u!1001 &4434240397700129355
PrefabInstance:
  m_ObjectHideFlags: 0
  serializedVersion: 2
  m_Modification:
    m_TransformParent: {fileID: 3749105883333633492}
    m_Modifications:
    - target: {fileID: 469025684949363025, guid: f157756e7d5cd8047bd9031cd926a900,
        type: 3}
      propertyPath: m_Name
      value: Room3
      objectReference: {fileID: 0}
    - target: {fileID: 469025684949363025, guid: f157756e7d5cd8047bd9031cd926a900,
        type: 3}
      propertyPath: m_Layer
      value: 15
      objectReference: {fileID: 0}
    - target: {fileID: 469025684949363024, guid: f157756e7d5cd8047bd9031cd926a900,
        type: 3}
      propertyPath: m_LocalPosition.x
      value: -11.101
      objectReference: {fileID: 0}
    - target: {fileID: 469025684949363024, guid: f157756e7d5cd8047bd9031cd926a900,
        type: 3}
      propertyPath: m_LocalPosition.y
      value: -0.011000276
      objectReference: {fileID: 0}
    - target: {fileID: 469025684949363024, guid: f157756e7d5cd8047bd9031cd926a900,
        type: 3}
      propertyPath: m_LocalPosition.z
      value: 0
      objectReference: {fileID: 0}
    - target: {fileID: 469025684949363024, guid: f157756e7d5cd8047bd9031cd926a900,
        type: 3}
      propertyPath: m_LocalRotation.x
      value: -0
      objectReference: {fileID: 0}
    - target: {fileID: 469025684949363024, guid: f157756e7d5cd8047bd9031cd926a900,
        type: 3}
      propertyPath: m_LocalRotation.y
      value: -0
      objectReference: {fileID: 0}
    - target: {fileID: 469025684949363024, guid: f157756e7d5cd8047bd9031cd926a900,
        type: 3}
      propertyPath: m_LocalRotation.z
      value: -0
      objectReference: {fileID: 0}
    - target: {fileID: 469025684949363024, guid: f157756e7d5cd8047bd9031cd926a900,
        type: 3}
      propertyPath: m_LocalRotation.w
      value: 1
      objectReference: {fileID: 0}
    - target: {fileID: 469025684949363024, guid: f157756e7d5cd8047bd9031cd926a900,
        type: 3}
      propertyPath: m_RootOrder
      value: 3
      objectReference: {fileID: 0}
    - target: {fileID: 469025684949363024, guid: f157756e7d5cd8047bd9031cd926a900,
        type: 3}
      propertyPath: m_LocalEulerAnglesHint.x
      value: 0
      objectReference: {fileID: 0}
    - target: {fileID: 469025684949363024, guid: f157756e7d5cd8047bd9031cd926a900,
        type: 3}
      propertyPath: m_LocalEulerAnglesHint.y
      value: 0
      objectReference: {fileID: 0}
    - target: {fileID: 469025684949363024, guid: f157756e7d5cd8047bd9031cd926a900,
        type: 3}
      propertyPath: m_LocalEulerAnglesHint.z
      value: 0
      objectReference: {fileID: 0}
    - target: {fileID: 469025684949363024, guid: f157756e7d5cd8047bd9031cd926a900,
        type: 3}
      propertyPath: m_LocalScale.x
      value: 0.11258177
      objectReference: {fileID: 0}
    - target: {fileID: 469025684949363024, guid: f157756e7d5cd8047bd9031cd926a900,
        type: 3}
      propertyPath: m_LocalScale.y
      value: 0.11258177
      objectReference: {fileID: 0}
    - target: {fileID: 469025684949363024, guid: f157756e7d5cd8047bd9031cd926a900,
        type: 3}
      propertyPath: m_LocalScale.z
      value: 0.11258177
      objectReference: {fileID: 0}
    - target: {fileID: 469025684949363026, guid: f157756e7d5cd8047bd9031cd926a900,
        type: 3}
      propertyPath: subject
      value: test3
      objectReference: {fileID: 0}
    - target: {fileID: 469025684949363026, guid: f157756e7d5cd8047bd9031cd926a900,
        type: 3}
      propertyPath: level
      value: 1
      objectReference: {fileID: 0}
    - target: {fileID: 469025684949363026, guid: f157756e7d5cd8047bd9031cd926a900,
        type: 3}
      propertyPath: roomName
      value: Three
      objectReference: {fileID: 0}
    m_RemovedComponents: []
  m_SourcePrefab: {fileID: 100100000, guid: f157756e7d5cd8047bd9031cd926a900, type: 3}
--- !u!4 &4254712276737231643 stripped
Transform:
  m_CorrespondingSourceObject: {fileID: 469025684949363024, guid: f157756e7d5cd8047bd9031cd926a900,
    type: 3}
  m_PrefabInstance: {fileID: 4434240397700129355}
  m_PrefabAsset: {fileID: 0}
